%YAML 1.1
%TAG !u! tag:unity3d.com,2011:
--- !u!1 &2202012285322492049
GameObject:
  m_ObjectHideFlags: 0
  m_CorrespondingSourceObject: {fileID: 0}
  m_PrefabInstance: {fileID: 0}
  m_PrefabAsset: {fileID: 0}
  serializedVersion: 6
  m_Component:
  - component: {fileID: 2858819949542807123}
  - component: {fileID: 1716405739705492086}
  - component: {fileID: 7418861309852052366}
  m_Layer: 0
  m_Name: Cube
  m_TagString: Untagged
  m_Icon: {fileID: 0}
  m_NavMeshLayer: 0
  m_StaticEditorFlags: 0
  m_IsActive: 1
--- !u!4 &2858819949542807123
Transform:
  m_ObjectHideFlags: 0
  m_CorrespondingSourceObject: {fileID: 0}
  m_PrefabInstance: {fileID: 0}
  m_PrefabAsset: {fileID: 0}
  m_GameObject: {fileID: 2202012285322492049}
  m_LocalRotation: {x: 0, y: 0, z: 0, w: 1}
  m_LocalPosition: {x: 0, y: 0.0461, z: 0}
  m_LocalScale: {x: 0.001, y: 0.001, z: 0.001}
  m_Children: []
  m_Father: {fileID: 549669402519234941}
  m_RootOrder: 0
  m_LocalEulerAnglesHint: {x: 0, y: 0, z: 0}
--- !u!33 &1716405739705492086
MeshFilter:
  m_ObjectHideFlags: 0
  m_CorrespondingSourceObject: {fileID: 0}
  m_PrefabInstance: {fileID: 0}
  m_PrefabAsset: {fileID: 0}
  m_GameObject: {fileID: 2202012285322492049}
  m_Mesh: {fileID: 10202, guid: 0000000000000000e000000000000000, type: 0}
--- !u!23 &7418861309852052366
MeshRenderer:
  m_ObjectHideFlags: 0
  m_CorrespondingSourceObject: {fileID: 0}
  m_PrefabInstance: {fileID: 0}
  m_PrefabAsset: {fileID: 0}
  m_GameObject: {fileID: 2202012285322492049}
  m_Enabled: 1
  m_CastShadows: 1
  m_ReceiveShadows: 1
  m_DynamicOccludee: 1
  m_MotionVectors: 1
  m_LightProbeUsage: 1
  m_ReflectionProbeUsage: 1
  m_RayTracingMode: 2
  m_RenderingLayerMask: 1
  m_RendererPriority: 0
  m_Materials:
  - {fileID: 10303, guid: 0000000000000000f000000000000000, type: 0}
  m_StaticBatchInfo:
    firstSubMesh: 0
    subMeshCount: 0
  m_StaticBatchRoot: {fileID: 0}
  m_ProbeAnchor: {fileID: 0}
  m_LightProbeVolumeOverride: {fileID: 0}
  m_ScaleInLightmap: 1
  m_ReceiveGI: 1
  m_PreserveUVs: 0
  m_IgnoreNormalsForChartDetection: 0
  m_ImportantGI: 0
  m_StitchLightmapSeams: 1
  m_SelectedEditorRenderState: 3
  m_MinimumChartSize: 4
  m_AutoUVMaxDistance: 0.5
  m_AutoUVMaxAngle: 89
  m_LightmapParameters: {fileID: 0}
  m_SortingLayerID: 0
  m_SortingLayer: 0
  m_SortingOrder: 0
--- !u!54 &5980671714392433274
Rigidbody:
  m_ObjectHideFlags: 0
  m_CorrespondingSourceObject: {fileID: 0}
  m_PrefabInstance: {fileID: 0}
  m_PrefabAsset: {fileID: 0}
  m_GameObject: {fileID: 4745473455081008637}
  serializedVersion: 2
  m_Mass: 1
  m_Drag: 0
  m_AngularDrag: 0.05
  m_UseGravity: 0
  m_IsKinematic: 0
  m_Interpolate: 0
  m_Constraints: 0
  m_CollisionDetection: 0
--- !u!65 &736808042701519481
BoxCollider:
  m_ObjectHideFlags: 0
  m_CorrespondingSourceObject: {fileID: 0}
  m_PrefabInstance: {fileID: 0}
  m_PrefabAsset: {fileID: 0}
  m_GameObject: {fileID: 4745473455081008637}
  m_Material: {fileID: 0}
  m_IsTrigger: 0
  m_Enabled: 1
  serializedVersion: 2
  m_Size: {x: 0.005, y: 0.1, z: 0.005}
  m_Center: {x: 0, y: -0.01, z: 0}
--- !u!114 &-2201437577430474520
MonoBehaviour:
  m_ObjectHideFlags: 0
  m_CorrespondingSourceObject: {fileID: 0}
  m_PrefabInstance: {fileID: 0}
  m_PrefabAsset: {fileID: 0}
  m_GameObject: {fileID: 4745473455081008637}
  m_Enabled: 1
  m_EditorHideFlags: 0
  m_Script: {fileID: 11500000, guid: dc344945b3911ad4c9265d719a831fd7, type: 3}
  m_Name: 
  m_EditorClassIdentifier: 
  Blue: {fileID: 6288044068702175764, guid: 57e6adfa5376bf9418d4f9c5c2840ef6, type: 3}
--- !u!1001 &5555796139194388652
PrefabInstance:
  m_ObjectHideFlags: 0
  serializedVersion: 2
  m_Modification:
    m_TransformParent: {fileID: 0}
    m_Modifications:
    - target: {fileID: -8679921383154817045, guid: 00aa7a9658a6437429833f0fa75bce68,
        type: 3}
      propertyPath: m_LocalPosition.x
      value: -7.011168
      objectReference: {fileID: 0}
    - target: {fileID: -8679921383154817045, guid: 00aa7a9658a6437429833f0fa75bce68,
        type: 3}
      propertyPath: m_LocalPosition.y
      value: 3.916424
      objectReference: {fileID: 0}
    - target: {fileID: -8679921383154817045, guid: 00aa7a9658a6437429833f0fa75bce68,
        type: 3}
      propertyPath: m_LocalPosition.z
      value: -8.567446
      objectReference: {fileID: 0}
    - target: {fileID: -8679921383154817045, guid: 00aa7a9658a6437429833f0fa75bce68,
        type: 3}
      propertyPath: m_LocalRotation.x
      value: 0
      objectReference: {fileID: 0}
    - target: {fileID: -8679921383154817045, guid: 00aa7a9658a6437429833f0fa75bce68,
        type: 3}
      propertyPath: m_LocalRotation.y
      value: 0
      objectReference: {fileID: 0}
    - target: {fileID: -8679921383154817045, guid: 00aa7a9658a6437429833f0fa75bce68,
        type: 3}
      propertyPath: m_LocalRotation.z
      value: 0
      objectReference: {fileID: 0}
    - target: {fileID: -8679921383154817045, guid: 00aa7a9658a6437429833f0fa75bce68,
        type: 3}
      propertyPath: m_LocalRotation.w
      value: 1
      objectReference: {fileID: 0}
    - target: {fileID: -8679921383154817045, guid: 00aa7a9658a6437429833f0fa75bce68,
        type: 3}
      propertyPath: m_RootOrder
      value: 0
      objectReference: {fileID: 0}
    - target: {fileID: -8679921383154817045, guid: 00aa7a9658a6437429833f0fa75bce68,
        type: 3}
      propertyPath: m_LocalEulerAnglesHint.x
      value: 0
      objectReference: {fileID: 0}
    - target: {fileID: -8679921383154817045, guid: 00aa7a9658a6437429833f0fa75bce68,
        type: 3}
      propertyPath: m_LocalEulerAnglesHint.y
      value: 0
      objectReference: {fileID: 0}
    - target: {fileID: -8679921383154817045, guid: 00aa7a9658a6437429833f0fa75bce68,
        type: 3}
      propertyPath: m_LocalEulerAnglesHint.z
      value: 0
      objectReference: {fileID: 0}
    - target: {fileID: -8679921383154817045, guid: 00aa7a9658a6437429833f0fa75bce68,
        type: 3}
      propertyPath: m_LocalScale.x
      value: 500
      objectReference: {fileID: 0}
    - target: {fileID: -8679921383154817045, guid: 00aa7a9658a6437429833f0fa75bce68,
        type: 3}
      propertyPath: m_LocalScale.y
      value: 200
      objectReference: {fileID: 0}
    - target: {fileID: -8679921383154817045, guid: 00aa7a9658a6437429833f0fa75bce68,
        type: 3}
      propertyPath: m_LocalScale.z
      value: 500
      objectReference: {fileID: 0}
    - target: {fileID: -672757800349992348, guid: 00aa7a9658a6437429833f0fa75bce68,
        type: 3}
      propertyPath: m_Materials.Array.data[0]
      value: 
      objectReference: {fileID: 2100000, guid: 91815712e45aaba4590db6fb1591bded, type: 2}
    - target: {fileID: 616127681751161331, guid: 00aa7a9658a6437429833f0fa75bce68,
        type: 3}
      propertyPath: m_Materials.Array.data[0]
      value: 
      objectReference: {fileID: 2100000, guid: 07f8314d950863642822c54a4fd27b47, type: 2}
    - target: {fileID: 919132149155446097, guid: 00aa7a9658a6437429833f0fa75bce68,
        type: 3}
      propertyPath: m_Name
      value: Arrow 1
      objectReference: {fileID: 0}
    - target: {fileID: 4144638752738152508, guid: 00aa7a9658a6437429833f0fa75bce68,
        type: 3}
      propertyPath: m_Materials.Array.data[0]
      value: 
      objectReference: {fileID: 2100000, guid: 07f8314d950863642822c54a4fd27b47, type: 2}
    - target: {fileID: 6536648518721735548, guid: 00aa7a9658a6437429833f0fa75bce68,
        type: 3}
      propertyPath: m_Materials.Array.data[0]
      value: 
      objectReference: {fileID: 2100000, guid: 021a2396ddc731542b46421cb52492fe, type: 2}
    - target: {fileID: 6597916664226095035, guid: 00aa7a9658a6437429833f0fa75bce68,
        type: 3}
      propertyPath: m_Materials.Array.data[0]
      value: 
      objectReference: {fileID: 2100000, guid: 021a2396ddc731542b46421cb52492fe, type: 2}
    - target: {fileID: 8804145085179943040, guid: 00aa7a9658a6437429833f0fa75bce68,
        type: 3}
      propertyPath: m_Materials.Array.data[0]
      value: 
      objectReference: {fileID: 2100000, guid: 91815712e45aaba4590db6fb1591bded, type: 2}
    m_RemovedComponents: []
  m_SourcePrefab: {fileID: 100100000, guid: 00aa7a9658a6437429833f0fa75bce68, type: 3}
--- !u!1 &4745473455081008637 stripped
GameObject:
  m_CorrespondingSourceObject: {fileID: 919132149155446097, guid: 00aa7a9658a6437429833f0fa75bce68,
    type: 3}
  m_PrefabInstance: {fileID: 5555796139194388652}
  m_PrefabAsset: {fileID: 0}
--- !u!4 &549669402519234941 stripped
Transform:
  m_CorrespondingSourceObject: {fileID: 5384887127129749969, guid: 00aa7a9658a6437429833f0fa75bce68,
    type: 3}
  m_PrefabInstance: {fileID: 5555796139194388652}
  m_PrefabAsset: {fileID: 0}
